%%%%%%%%%%%%%%% Articles
@article{Couturier:2014mga,
      author         = "Couturier, Ben and Kiagias, E. and Lohn, Stefan B.",
      title          = "{Systematic profiling to monitor and specify the software
                        refactoring process of the LHCb experiment}",
      booktitle      = "{Proceedings, 20th International Conference on Computing
                        in High Energy and Nuclear Physics (CHEP 2013): Amsterdam,
                        The Netherlands, October 14-18, 2013}",
      journal        = "J. Phys. Conf. Ser.",
      volume         = "513",
      year           = "2014",
      pages          = "052020",
      doi            = "10.1088/1742-6596/513/5/052020",
      SLACcitation   = "%%CITATION = 00462,513,052020;%%"
}

@article{Corti:2006yx,
      author         = "Corti, G. and Cattaneo, M. and Charpentier, P. and Frank,
                        M. and Koppenburg, P. and Mato, P. and Ranjard, F. and
                        Roiser, S. and Belyaev, I. and Barrand, G.",
      title          = "{Software for the LHCb experiment}",
      journal        = "IEEE Trans. Nucl. Sci.",
      volume         = "53",
      year           = "2006",
      pages          = "1323-1328",
      doi            = "10.1109/TNS.2006.872627",
      SLACcitation   = "%%CITATION = IETNA,53,1323;%%"
}

@article{Clemencic:2015glz,
      author         = "Clemencic, M. and Couturier, B.",
      title          = "{LHCb Build and Deployment Infrastructure for run 2}",
      booktitle      = "{Proceedings, 21st International Conference on Computing
                        in High Energy and Nuclear Physics (CHEP 2015): Okinawa,
                        Japan, April 13-17, 2015}",
      journal        = "J. Phys. Conf. Ser.",
      volume         = "664",
      year           = "2015",
      number         = "6",
      pages          = "062008",
      doi            = "10.1088/1742-6596/664/6/062008",
      SLACcitation   = "%%CITATION = 00462,664,062008;%%"
}



%%%%%%%%%%%%%%% Main web pages

@Webpage{docker,
  title = "{Docker -- software containerization platform}",
  url = "{https://www.docker.com/}"
}

@Webpage{compose,
  title = "{Docker Compose -- a tool for defining and running multi-container Docker applications}",
  url = "{https://docs.docker.com/compose/}"
}

@Webpage{rest,
  title = "{Django REST framework}",
  url = "{http://www.django-rest-framework.org/}"
}

@Webpage{angular,
  title = "{AngularJS -- JavaScript framework}",
  url = "{https://angularjs.org/}"
}

@Webpage{gunicorn,
  title = "{Gunicorn - Python WSGI HTTP Server for UNIX}",
  url = "{http://gunicorn.org/}"
}

@Webpage{nginx,
  title = "{NGINX -- HTTP server and reverse proxy}",
  url = "{https://www.nginx.com/}"
}

@Webpage{node,
  title = "{Node.js -- JavaScript runtime built on Chrome's V8 JavaScript engine}",
  url = "{https://nodejs.org/}"
}

@Webpage{flask,
  title = "{Flask -- a web microframework}",
  url = "{http://flask.pocoo.org/}"
}